<?xml version="1.0" encoding="UTF-8"?><record xmlns="http://www.loc.gov/MARC21/slim" xmlns:cinclude="http://apache.org/cocoon/include/1.0" xmlns:zs="http://www.loc.gov/zing/srw/">
  <leader>01304cz  a2200193n  4500</leader>
  <controlfield tag="001">no2008045281</controlfield>
  <controlfield tag="003">DLC</controlfield>
  <controlfield tag="005">20130326113932.0</controlfield>
  <controlfield tag="008">080324n| azannaabn          |a ana     c</controlfield>
  <datafield tag="010" ind1=" " ind2=" ">
    <subfield code="a">no2008045281</subfield>
  </datafield>
  <datafield tag="035" ind1=" " ind2=" ">
    <subfield code="a">(OCoLC)oca07712669</subfield>
  </datafield>
  <datafield tag="040" ind1=" " ind2=" ">
    <subfield code="a">IEN</subfield>
    <subfield code="b">eng</subfield>
    <subfield code="e">rda</subfield>
    <subfield code="c">IEN</subfield>
    <subfield code="d">DLC</subfield>
  </datafield>
  <datafield tag="110" ind1="2" ind2=" ">
    <subfield code="a">Illinois Institute of Technology.</subfield>
    <subfield code="b">Department of Civil and Architectural Engineering</subfield>
  </datafield>
  <datafield tag="410" ind1="2" ind2=" ">
    <subfield code="w">nnea</subfield>
    <subfield code="a">Illinois Institute of Technology.</subfield>
    <subfield code="b">Dept. of Civil and Architectural Engineering</subfield>
  </datafield>
  <datafield tag="510" ind1="2" ind2=" ">
    <subfield code="w">a</subfield>
    <subfield code="a">Illinois Institute of Technology.</subfield>
    <subfield code="b">Department of Civil Engineering</subfield>
  </datafield>
  <datafield tag="510" ind1="2" ind2=" ">
    <subfield code="w">b</subfield>
    <subfield code="a">Illinois Institute of Technology.</subfield>
    <subfield code="b">Department of Civil, Architectural and Environmental Engineering</subfield>
  </datafield>
  <datafield tag="510" ind1="2" ind2=" ">
    <subfield code="w">r</subfield>
    <subfield code="i">Hierarchical superior:</subfield>
    <subfield code="a">Illinois Institute of Technology</subfield>
  </datafield>
  <datafield tag="670" ind1=" " ind2=" ">
    <subfield code="a">Khisty, C. Jotin. Waterway systems traffic analysis, 1996:</subfield>
    <subfield code="b">t.p. (Department of Civil and Architectural Engineering, Illinois Institute of Technology, Chicago Illinois)</subfield>
  </datafield>
  <datafield tag="675" ind1=" " ind2=" ">
    <subfield code="a">Proceedings of Lecture Series, Geotechnical Aspects in Transportation, 1992: (Department of Civil Engineering, Illinois Institute of Technology).</subfield>
    <subfield code="a">Optimal investment decision-making for highway transportation asset management under risk and uncertainty, 2007: t.p. (Illinois Institute of Technology, Department of Civil, Architectural and Environmental Engineering)</subfield>
  </datafield>
</record>